<collection xmlns="http://www.loc.gov/MARC21/slim">
<record>
  <leader>01049nam0a22002291i 450 </leader>
  <controlfield tag="001">IT\ICCU\CNCE\070924</controlfield>
  <controlfield tag="005">20160527000000.0</controlfield>
  <datafield tag="012" ind1=" " ind2=" ">
    <subfield code="a">o.o- toi- i-eo foni (3) 1585 (A)</subfield>
    <subfield code="2">fei</subfield>
  </datafield>
  <datafield tag="100" ind1=" " ind2=" ">
    <subfield code="a">20070606d1585        0itac0103    ba</subfield>
  </datafield>
  <datafield tag="101" ind1=" " ind2=" ">
    <subfield code="a">ITA</subfield>
  </datafield>
  <datafield tag="102" ind1=" " ind2=" ">
    <subfield code="a">IT</subfield>
  </datafield>
  <datafield tag="200" ind1="1" ind2=" ">
    <subfield code="a">Scelta di facetie, buffonerie, motti e burle. Cauate da diuersi autori. Nuouamente racconcie, &amp; messe insieme</subfield>
  </datafield>
  <datafield tag="210" ind1=" " ind2=" ">
    <subfield code="a">In Trento</subfield>
    <subfield code="c">per Gio. Battista</subfield>
    <subfield code="d">e Giacomo frat. de Gelmini di Sabbio</subfield>
    <subfield code="d">1 85 \i.e. 1585!</subfield>
    <subfield code="e">In Trento</subfield>
    <subfield code="g">per Gio. Battista</subfield>
    <subfield code="h">e Giacomo fratelli Gelmini di Sabbio</subfield>
  </datafield>
  <datafield tag="215" ind1=" " ind2=" ">
    <subfield code="a">72 c.</subfield>
    <subfield code="d">8ʻ</subfield>
  </datafield>
  <datafield tag="620" ind1=" " ind2=" ">
    <subfield code="a">IT</subfield>
    <subfield code="d">Trento</subfield>
  </datafield>
  <datafield tag="700" ind1=" " ind2="0">
    <subfield code="a">Arlotto Piovano</subfield>
    <subfield code="3">IT\ICCU\CNCA\000876</subfield>
  </datafield>
  <datafield tag="712" ind1="0" ind2="0">
    <subfield code="a">Gelmini, Giovanni Battista &amp; Gelmini, Giacomo</subfield>
    <subfield code="3">IT\ICCU\CNCT\000438</subfield>
    <subfield code="4">650</subfield>
  </datafield>
  <datafield tag="790" ind1=" " ind2="1">
    <subfield code="a">Mainardi,</subfield>
    <subfield code="b">Arlotto</subfield>
    <subfield code="3">IT\ICCU\CNCA\012709</subfield>
    <subfield code="z">Arlotto Piovano</subfield>
  </datafield>
  <datafield tag="790" ind1=" " ind2="0">
    <subfield code="a">Piovano Arlotto</subfield>
    <subfield code="3">IT\ICCU\CNCA\014859</subfield>
    <subfield code="z">Arlotto Piovano</subfield>
  </datafield>
  <datafield tag="791" ind1="0" ind2="0">
    <subfield code="a">Gelmini, Giacomo</subfield>
    <subfield code="3">IT\ICCU\CNCT\000439</subfield>
    <subfield code="z">Gelmini, Giovanni Battista &amp; Gelmini, Giacomo</subfield>
  </datafield>
  <datafield tag="801" ind1=" " ind2="3">
    <subfield code="a">IT</subfield>
    <subfield code="b">ICCU</subfield>
    <subfield code="c">20201115</subfield>
  </datafield>
  <datafield tag="899" ind1=" " ind2=" ">
    <subfield code="a">British Library. London</subfield>
    <subfield code="1">UK0001</subfield>
  </datafield>
</record>
</collection>
